@online{1,
    author = "Donald Knuth",
    title = "Knuth: Computers and Typesetting",
    url  = "http://www-cs-faculty.stanford.edu/~uno/abcde.html",
    addendum = "(accessed: 01.09.2016)",
    keywords = "latex,knuth"
}
@online{2,
    author = "Donald E. Knuth",
    title = "The Joys of Hashing",
    url  = "https://books.google.co.in/books?id=q_NxAjqWDGoC&pg=PA411&dq=dictionary+adt&hl=en&newbks=1&newbks_redir=1&sa=X&ved=2ahUKEwjwk5CO_oH6AhVhKqYKHfF7CBwQ6AF6BAgFEAI",
    addendum = "(accessed: 01.09.2019)",
    keywords = "hashing,knuth"
}
@online{3,
    author = "Kurt Mehlhorn,",
    title = "Algorithms and Data Structures: Main tool box",
    url  = "https://books.google.co.in/books?id=oK3UWxg_UhsC&pg=PA92&dq=linear+probing&hl=en&newbks=1&newbks_redir=1&sa=X&ved=2ahUKEwiho9uR_4H6AhWkGaYKHQdfBgEQ6AF6BAgFEAI",
    addendum = "(accessed: 01.09.2008)",
    keywords = "probing,knuth"
}
